@misc{EaglePicher43AhBatteryCell,
    author = {EaglePicher},
    title = {43{A}h Space Cell},
    howpublished = "\url{https://www.eaglepicher.com/sites/default/files/LP%2033450%2043Ah%20Space%20Cell%20%200319.pdf}",
    note = {Accessed on: Jan. 29, 2020}
}

@misc{EaglePicher60AhBatteryCell,
    author = {EaglePicher},
    title = {60{A}h Space Cell},
    howpublished = "\url{https://www.eaglepicher.com/sites/default/files/LP%2033037%2060Ah%20Space%20Cell%20%20040319.pdf}",
    note = {Accessed on: Jan. 29, 2020}
}

@misc{SaftSpaceBatteryCell,
    author = {Saft},
    title = {{MP} and {VL} Batteries for launchers},
    howpublished = "\url{https://www.saftbatteries.com/products-solutions/products/mp-vl-batteries-launchers}",
    note = {Accessed on: Jan. 29, 2020}
}

@misc{SolAeroZTJDataSheet,
    author = {SolAero},
    title = {{ZTJ} Space Solar Cell},
    howpublished = "\url{https://solaerotech.com/wp-content/uploads/2018/04/ZTJ-Datasheet-Updated-2018-v.1.pdf}",
    note = {Accessed on: Jan. 29, 2020}
}

@misc{SolAeroIMMDataSheet,
    author = {SolAero},
    title = {{IMM}-$\alpha$ Space Solar Cell},
    howpublished = "\url{https://solaerotech.com/wp-content/uploads/2018/04/IMM-alpha-Preliminary-Datasheet-April-2018-v.1.pdf}",
    note = {Accessed on: Jan. 29, 2020}
}

@misc{EmcoreZTJDataSheet,
    author = {Emcore},
    title = {{ZTJ} Photovoltaic Cell},
    howpublished = "\url{http://www.emcore.com/assets/photovoltaics/ZTJ_datasheet.pdf}",
    note = {Accessed on: Jan. 29, 2020}
}

@misc{AzureSpaceTJDataSheet,
    author = {AzureSpace},
    title = {{TJ} Solar Cell {3G30C} - Advanced},
    howpublished = "\url{http://www.azurspace.com/images/006050-01-00_DB_3G30C-Advanced.pdf}",
    note = {Accessed on: Jan. 29, 2020}
}

@misc{AzureSpaceQJDataSheet,
    author = {AzureSpace},
    title = {{QJ} Solar Cell {4G32C} - Advance},
    howpublished = "\url{http://www.azurspace.com/images/0005979-01-00_DB_4G32C_Advanced.pdf}",
    note = {Accessed on: Jan. 29, 2020}
}
