% Encoding: windows-1252



@Article{myPubC,
  author      = {Me AND Author Numbertwo AND Prof. XYZ},
  title       = {Final Experiment Result Paper of Great Importance},
  journal     = {Science},
  year        = {2090},
  pages       = {1-29},
  issn        = {1861-2776},
  note        = {},
  affiliation = {DFKI Robotics Innovation Center, Robert-Hooke-Str. 5, 28359 Bremen, Germany},
  doi         = {xyz},
  keyword     = {Computer Science},
  owner       = {cordes},
  publisher   = {Science},
  timestamp   = {2011.04.10},
  url         = {http://dx.doi.org/10.1007/xyz},
}



@Article{myPubA,
  author    = {Some Author AND Another Author AND Me},
  title     = {My Glorious Publication A},
  journal   = {Journal of Field Robotics},
  year      = {2075},
  volume    = {Special Issue on Space Robotics, Part MMC},
  pages     = {3-34},
  abstract  = {This paper presents ..},
  doi       = {10.1002/rob.21477},
  owner     = {cordes},
  publisher = {Wiley Periodicals, Inc.},
  timestamp = {2075.01.01},
  url       = {https://onlinelibrary.wiley.com/doi/abs/xyz},
}

@Article{myPubB,
  author    = {Me AND Author Numbertwo},
  title     = {Yet Another Fantastic Publication},
  journal   = {Journal of Field Robotics},
  year      = {2075},
  volume    = {Special Issue on Space Robotics, Part MMC},
  pages     = {3-34},
  abstract  = {This paper presents ..},
  doi       = {10.1002/rob.21477},
  owner     = {cordes},
  publisher = {Wiley Periodicals, Inc.},
  timestamp = {2075.01.01},
  url       = {https://onlinelibrary.wiley.com/doi/abs/xyz},
}


@Comment{jabref-meta: databaseType:bibtex;}
